@book{graetzer00,
  Title = {Math into {\LaTeX}},
  Author = {George Gr{\"a}tzer},
  Publisher = {Birkhäuser Boston},
  Edition = {3},
  Year = {2000},
  language={german}
}
@unpublished{Pakin2008,
  author = {Scott Pakin},
  interhash = {9ae7e438cb1c36805391f98e76b04314},
  intrahash = {0974c10a0810ef79839477bba778c8dc},
  number = {January},
  title = {{The Comprehensive \LaTeX\ Symbol List}},
  year = 2008,
  keywords = {2008 LaTeX package reference symbol typography},
  added-at = {2010-10-20T13:38:49.000+0200},
  file = {:C$\backslash$:/Users/loanj/Documents/0 uni/Literatur/Pakin - 2008 - The Comprehensive \LaTeX\ Symbol List.pdf:pdf},
  biburl = {http://www.bibsonomy.org/bibtex/20974c10a0810ef79839477bba778c8dc/trude},
  abstract = {This document lists 4947 symbols and the corresponding \LaTeX commands that produce them. Some of these symbols are guaranteed to be available in every LaTeX 2$\epsilon$ system; others require fonts and packages that may not accompany a given distribution and that therefore need to be installed. All of the fonts and packages used to prepare this document—as well as this document itself—are freely available from the Comprehensive TEX Archive Network (http://www.ctan.org/).}
}

@manual{lshort,
  author = "Tobias Oetiker and others",
  title = "The Not So Short Introduction to {\LaTeX2e}:
           Or {\LaTeX2e} in 157 minutes",
  month = june,
  note = "\onctan \url{/info/lshort}",
  year = 2010
}


@book{lamport,
  author = "Leslie Lamport",
  title = "{\LaTeX}: A Document Preparation System",
  publisher = "Addison-Wesley", 
  isbn = "0--201--52983--1",
  year = 1994
}

@book{texbook,
  author = "Donald E. Knuth",
  title = "The {\TeX}book",
  publisher = "Addison-Wesley", 
  isbn = "0--201--13448--9",
  year = 1984}

TUGboat, Volume 21 (2000), No. 3 — Proceedings of the 2000 Annual Meeting

@proceedings{float-positioning-tug-proc-2000,
  author = "Frank Mittelbach",
  title = "Formatting documents with floats",
  subtitle = "A new algorithm for \LaTeXe*",
  year    = "1993",
  journal = "TUGBoat",
  volume  = "21",
  number  = "3"
}

@book{companion,
  address = {Boston},
  author = {Frank Mittelbach},
  edition = 2,
  publisher = {Addison-Wesley},
  title = {The \LaTeX\ companion},
  year = 2005,
  keywords = {latex}
}